@booklet{Skript,
	author = "Caren Tischendorf",
	title = "Numerische Lineare Algebra",
	howpublished = "Vorlesungsskript",
	year = "WiSe 2021/22"
}

@booklet{LU,
	author = "Dr. Hella Rabus",
	title = "LGS mit LU",
	howpublished = "Aufgabenblatt",
	year = "WiSe 2021/22",
	subtitle = "Praxisübung NLA - Projektpraktikum I"
}

@booklet{PDE,
	author = "Dr. Hella Rabus",
	title = "Diskretisierung PDE",
	howpublished = "Aufgabenblatt",
	year = "WiSe 2021/22",
	subtitle = "Praxisübung NLA - Projektpraktikum I"
}

@online{Wiki,
	author = "Kursteilnehmer Projektpraktikum",
	title = "Wiki PDE-Diskretisierung",
	year = "WiSe 2021/22",
	url = "https://moodle.hu-berlin.de/mod/ouwiki/view.php?id=3087205",
	urldate = {2021-12-21}
}

@online{ban,
	title = "Fixpunktsatz von Banach",
	howpublished = "Wikipedia",
	year = "2021",
	url = "https://de.wikipedia.org/wiki/Fixpunktsatz_von_Banach",
	urldate = {2022-02-9}
}


@online{kon,
	title = "Kontraktion",
	howpublished = "Wikipedia",
	year = "2019",
	url = "https://de.wikipedia.org/wiki/Kontraktion_(Mathematik)",
	urldate = {2022-02-9}
}

@online{konvergenz,
	author="Maria Woydich"
	title = "Das SOR-Verfahren",
	howpublished = "Wikipedia",
	year = "2010",
	url = "https://conan.iwr.uni-heidelberg.de/old-site/teaching/seminar_ss2010/sor-verfahren.pdf",
	urldate = {2022-02-9}
}

@online{slides,
	author="M. Grepl"
	title = "Numerisches Rechnen",
	year = "2011/12",
	url = "https://www.igpm.rwth-aachen.de/Download/ws1112/numrech/NumRech_WS11_IterativeMethods.pdf",
	urldate = {2022-02-9}
}

