@booklet{SkriptNumLA,
	author = "Caren Tischendorf",
	title = "Numerische Lineare Algebra",
	howpublished = "Vorlesungsskript",
	year = "WiSe 2021/22"
}

@booklet{PPI-LGS-LU,
	author = "Dr. Hella Rabus",
	title = "LGS mit LU",
	howpublished = "Aufgabenblatt",
	year = "WiSe 2021/22",
	subtitle = "Praxisübung NLA - Projektpraktikum I"
}

@booklet{PDE,
	author = "Dr. Hella Rabus",
	title = "Diskretisierung PDE",
	howpublished = "Aufgabenblatt",
	year = "WiSe 2021/22",
	subtitle = "Praxisübung NLA - Projektpraktikum I"
}

@online{Wiki-PDE-Diskretisierung,
	author = "Kursteilnehmer Projektpraktikum",
	title = "Wiki PDE-Diskretisierung",
	year = "WiSe 2021/22",
	url = "https://moodle.hu-berlin.de/mod/ouwiki/view.php?id=3087205",
	urldate = {2021-12-21}
}